<?xml version="1.0" encoding="utf-8" ?>
<gnc-v2
     xmlns:gnc="http://www.gnucash.org/XML/gnc"
     xmlns:act="http://www.gnucash.org/XML/act"
     xmlns:book="http://www.gnucash.org/XML/book"
     xmlns:cd="http://www.gnucash.org/XML/cd"
     xmlns:cmdty="http://www.gnucash.org/XML/cmdty"
     xmlns:price="http://www.gnucash.org/XML/price"
     xmlns:slot="http://www.gnucash.org/XML/slot"
     xmlns:split="http://www.gnucash.org/XML/split"
     xmlns:sx="http://www.gnucash.org/XML/sx"
     xmlns:trn="http://www.gnucash.org/XML/trn"
     xmlns:ts="http://www.gnucash.org/XML/ts"
     xmlns:fs="http://www.gnucash.org/XML/fs"
     xmlns:bgt="http://www.gnucash.org/XML/bgt"
     xmlns:recurrence="http://www.gnucash.org/XML/recurrence"
     xmlns:lot="http://www.gnucash.org/XML/lot"
     xmlns:addr="http://www.gnucash.org/XML/addr"
     xmlns:owner="http://www.gnucash.org/XML/owner"
     xmlns:billterm="http://www.gnucash.org/XML/billterm"
     xmlns:bt-days="http://www.gnucash.org/XML/bt-days"
     xmlns:bt-prox="http://www.gnucash.org/XML/bt-prox"
     xmlns:cust="http://www.gnucash.org/XML/cust"
     xmlns:employee="http://www.gnucash.org/XML/employee"
     xmlns:entry="http://www.gnucash.org/XML/entry"
     xmlns:invoice="http://www.gnucash.org/XML/invoice"
     xmlns:job="http://www.gnucash.org/XML/job"
     xmlns:order="http://www.gnucash.org/XML/order"
     xmlns:taxtable="http://www.gnucash.org/XML/taxtable"
     xmlns:tte="http://www.gnucash.org/XML/tte"
     xmlns:vendor="http://www.gnucash.org/XML/vendor">
<gnc:count-data cd:type="book">1</gnc:count-data>
<gnc:book version="2.0.0">
<book:id type="guid">71607cde73afae2edaf31c2107319999</book:id>
<gnc:count-data cd:type="commodity">1</gnc:count-data>
<gnc:count-data cd:type="account">200</gnc:count-data>
<gnc:count-data cd:type="transaction">10</gnc:count-data>
<gnc:commodity version="2.0.0">
  <cmdty:space>ISO4217</cmdty:space>
  <cmdty:id>EUR</cmdty:id>
  <cmdty:get_quotes/>
  <cmdty:quote_source>currency</cmdty:quote_source>
  <cmdty:quote_tz/>
</gnc:commodity>
<gnc:commodity version="2.0.0">
  <cmdty:space>ISO4217</cmdty:space>
  <cmdty:id>USD</cmdty:id>
  <cmdty:get_quotes/>
  <cmdty:quote_source>currency</cmdty:quote_source>
  <cmdty:quote_tz/>
</gnc:commodity>
<gnc:commodity version="2.0.0">
  <cmdty:space>template1</cmdty:space>
  <cmdty:id>template2</cmdty:id>
  <cmdty:name>template3</cmdty:name>
  <cmdty:xcode>template4</cmdty:xcode>
  <cmdty:fraction>1</cmdty:fraction>
</gnc:commodity>
<gnc:account version="2.0.0">
  <act:name>Root</act:name>
  <act:id type="guid">00607cde73afae2edaf31c2107319999</act:id>
  <act:type>ROOT</act:type>
  <act:slots>
    <slot>
      <slot:key>dummy</slot:key>
      <slot:value type="string">dummy</slot:value>
    </slot>
  </act:slots>
</gnc:account>
<gnc:account version="2.0.0">
  <act:name>Imbalance-EUR</act:name>
  <act:id type="guid">00666cde73afae2edaf31c2107319999</act:id>
  <act:type>ASSET</act:type>
  <act:commodity>
    <cmdty:space>ISO4217</cmdty:space>
    <cmdty:id>EUR</cmdty:id>
  </act:commodity>
  <act:commodity-scu>100</act:commodity-scu>
  <act:code>0950</act:code>
  <act:slots>
    <slot>
      <slot:key>dummy</slot:key>
      <slot:value type="string">dummy</slot:value>
    </slot>
  </act:slots>
</gnc:account>
<gnc:account version="2.0.0">
  <act:name>Donations</act:name>
  <act:id type="guid">00666cde73afae2edaf31c1234319999</act:id>
  <act:type>ASSET</act:type>
  <act:commodity>
    <cmdty:space>ISO4217</cmdty:space>
    <cmdty:id>EUR</cmdty:id>
  </act:commodity>
  <act:commodity-scu>100</act:commodity-scu>
  <act:code>0953</act:code>
  <act:slots>
    <slot>
      <slot:key>dummy</slot:key>
      <slot:value type="string">dummy</slot:value>
    </slot>
  </act:slots>
</gnc:account>
<gnc:account version="2.0.0">
  <act:name>PayPal</act:name>
  <act:id type="guid">71607cde73afae2edaf31c2107319999</act:id>
  <act:type>ASSET</act:type>
  <act:commodity>
    <cmdty:space>ISO4217</cmdty:space>
    <cmdty:id>EUR</cmdty:id>
  </act:commodity>
  <act:commodity-scu>100</act:commodity-scu>
  <act:code>0955</act:code>
  <act:slots>
    <slot>
      <slot:key>dummy</slot:key>
      <slot:value type="string">dummy</slot:value>
    </slot>
  </act:slots>
</gnc:account>
<gnc:account version="2.0.0">
  <act:name>BitPay</act:name>
  <act:id type="guid">71607cde73afae2edaf31c210731aaaa</act:id>
  <act:type>ASSET</act:type>
  <act:commodity>
    <cmdty:space>ISO4217</cmdty:space>
    <cmdty:id>EUR</cmdty:id>
  </act:commodity>
  <act:commodity-scu>100</act:commodity-scu>
  <act:code>0959</act:code>
  <act:slots>
    <slot>
      <slot:key>dummy</slot:key>
      <slot:value type="string">dummy</slot:value>
    </slot>
  </act:slots>
</gnc:account>
<gnc:account version="2.0.0">
  <act:name>Concardis</act:name>
  <act:id type="guid">71607cde73afae2edaf31c210731bbbb</act:id>
  <act:type>ASSET</act:type>
  <act:commodity>
    <cmdty:space>ISO4217</cmdty:space>
    <cmdty:id>EUR</cmdty:id>
  </act:commodity>
  <act:commodity-scu>100</act:commodity-scu>
  <act:code>0961</act:code>
  <act:slots>
    <slot>
      <slot:key>dummy</slot:key>
      <slot:value type="string">dummy</slot:value>
    </slot>
  </act:slots>
</gnc:account>
<gnc:transaction version="2.0.0">
  <trn:id type="guid">71607cde73afae2edaf31c2107319999</trn:id>
  <trn:currency>
    <cmdty:space>ISO4217</cmdty:space>
    <cmdty:id>EUR</cmdty:id>
  </trn:currency>
  <trn:date-posted>
    <ts:date>2010-01-01 00:00:00 +0100</ts:date>
  </trn:date-posted>
  <trn:date-entered>
    <ts:date>2010-02-02 00:00:00 +0100</ts:date>
  </trn:date-entered>
  <trn:description>FOOOO!</trn:description>
  <trn:splits>
    <trn:split>
      <split:id type="guid">71607cde73afae2edaf31c2107319999</split:id>
      <split:reconciled-state>n</split:reconciled-state>
      <split:value>101212/100</split:value>
      <split:quantity>12122/100</split:quantity>
      <split:account type="guid">71607cde73afae2edaf31c2107319999</split:account>
    </trn:split>
    <trn:split>
      <split:id type="guid">71607cde73afae2edaf31c2107319999</split:id>
      <split:reconciled-state>c</split:reconciled-state>
      <split:reconcile-date>
        <ts:date>2010-03-01 00:00:00 +0100</ts:date>
      </split:reconcile-date>
      <split:value>-12123123/100</split:value>
      <split:quantity>-123123123/100</split:quantity>
      <split:account type="guid">71607cde73afae2edaf31c2107319999</split:account>
    </trn:split>
  </trn:splits>
</gnc:transaction>
</gnc:book>
</gnc-v2>

<!-- Local variables: -->
<!-- mode: xml        -->
<!-- End:             -->
